<?xml version="1.0" encoding="UTF-8"?><collection xmlns="http://www.loc.gov/MARC21/slim"><record><leader>00559nam--2200169-i-4500</leader><controlfield tag="001">000002210</controlfield><controlfield tag="002">20161230</controlfield><controlfield tag="005">20161230201024</controlfield><controlfield tag="008">060222s1000------------r-----000-0-eng-d</controlfield><datafield ind1=" " ind2=" " tag="040"><subfield code="a">IFIN-HH</subfield></datafield><datafield ind1=" " ind2=" " tag="080"><subfield code="a">537.226.4:061.3</subfield></datafield><datafield ind1="1" ind2=" " tag="100"><subfield code="a">Weller, Edward F</subfield></datafield><datafield ind1="1" ind2="0" tag="245"><subfield code="a">Ferroelectricity</subfield><subfield code="b">Proceedings of the symposium on ferroelectricity, general motors research laboratories, warren, michigan, 1966</subfield><subfield code="c">Edward f. weller (ed.)</subfield></datafield><datafield ind1=" " ind2=" " tag="260"><subfield code="a">Amsterdam</subfield><subfield code="b">Elsevier Publishing Company</subfield><subfield code="c">1967</subfield></datafield><datafield ind1=" " ind2=" " tag="300"><subfield code="a">318 P</subfield></datafield><datafield ind1=" " ind2=" " tag="852"><subfield code="a">28512</subfield><subfield code="c">537.226</subfield></datafield><datafield ind1=" " ind2=" " tag="CAT"><subfield code="a">Sys</subfield><subfield code="c">20110706</subfield><subfield code="h">090035</subfield></datafield></record></collection>